@online{anleitung,
  author = {TU Dortmund},
  title = {VXX -  Versuchsnamen},
  url = {http://129.217.224.2/HOMEPAGE/PHYSIKER/MASTER/SKRIPT/V51.pdf},
  urldate = {YYYY-MM-DD}
}
